% Ejemplos
	Book{•,
	author = {•},
	title = {•},
	publisher = {•},
	year = {•},
	}
	
	@Article{Bow93,
	  author = 	 {Bowman, M. and Debray, S.K.and Peterson, L.L.},
	  title = 	 {Reasoning about naming systems},
	  journal = 	 {ACM Trans. Program. Lang. Syst.},
	  year = 	 {1993},
	  OPTkey = 	 {},
	  volume = 	 {15},
	  number = 	 {5},
	  pages = 	 {795--825},
	  month = 	 {Nov},
	}
	
	@TechReport{Ding97,
	  author = 	 {Ding, W. and Marchionini, G.},
	  title = 	 {A Study on Video Browsing Strategies. Technical Report},
	  institution =  {University of Maryland at College Park},
	  year = 	 {1997},
	}
	
	@Book{Tavel07,
	  author = 	 {Tavel, P.},
	  title = 	 {Modeling and Simulation Design},
	  publisher = 	 {AK Peters Ltd.},
	  year = 	 {2007},
	  address = 	 {Natick, MA, USA},
	}
	
	%Página web con y sin autores conocidos
	
	@Misc{Steele04,
	  author = 	 {Steele, B.},
	  title = 	 {Look, Ma, no wires! Cornell class project tests wireless  networking},
	  howpublished = {\url{http://www.news.cornell.edu/Chronicle/00/5.18.00/wireless_class.html}},
	  month = 	 {February},
	  year = 	 {2004},
	  note = 	 {Cornell Chronicle, 31 from Columbia University},
	}
	
	@Misc{Oxygen,
	  title = 	 {MIT Project Oxygen: Overview},
	  howpublished = {\url{http://oxygen.lcs.mit.edu/Overview.html}},
	  year = 	 {2004},
	  note = 	 {Computer Science and Artificial Intelligence Laboratory, Massachusetts Institute of Technology},
	}
	
%FIN Ejemplos

@Book{exploring_GIS,
author = {Chrisman, N. R.},
title = {Exploring Geographic Information Systems},
publisher = {John Wiley and Sons},
year = {1997},
}

@Book{john_snow,
author = {Cairo, Alberto},
title = {El arte funcional},
publisher = {Alamut},
year = {2011},
}

@Book{john_snow02,
author = {Gunn, S. William A. and Masellis, Michele},
title = {Concepts and Practice of Humanitarian Medicine},
publisher = {Springer},
year = {2007},
}

@Misc{GPS12,
  title = 	 {El GPS de 1909 Look, Ma, no wires! Cornell class project tests wireless  networking},
  howpublished = {\url{http://resolviendolaincognita.blogspot.com.es/2012/02/el-gps-de-1909.html}},
  month = 	 {February},
  year = 	 {2012},
  note	= 	{Visitado: Octubre 2015}
}

@Misc{Plus14,
	title =	{Plus Fours Routefinder - Worlds First Navigation System},
	howpublished	=	{\url{http://avaxnews.net/educative/plus_fours_routefinder_worlds_first_navigation_system.html}},
	month	=	{March},
	year	=	{2014},
	note	= 	{Visitado: Octubre 2015}
}

@Misc{Parra13,
	author = {Parra, S.},
	title =	{¿Como funcionaba el primer GPS de la historia, construido en a principios del siglo XX?},
	howpublished	=	{\url{http://www.xatakaciencia.com/tecnologia/como-funcionaba-el-primer-gps-de-la-historia-construido-en-a-principios-del-siglo-xx}},
	month	=	{June},
	year	=	{2013},
	note	= 	{Visitado: Octubre 2015}
}

@Misc{Ori13,
	title	=	{Los orígenes del Sistema de Posicionamiento Global (GPS)},
	howpublished	=	{\url{http://catedraisdefe.etsit.upm.es/wiki/index.php/Los_or%C3%ADgenes_del_Sistema_de_Posicionamiento_Global_(GPS)}},
	month	=	{April},
	year	=	{2013},
	note	= 	{Visitado: Octubre 2015}
}

@Misc{Korean15,
	title	=	{Vuelo 007 de Korean Air},
	howpublished	=	{\url{http://es.wikipedia.org/wiki/Vuelo_007_de_Korean_Air}},
	month	=	{June},
	year	=	{2015},
	note	= 	{Visitado: Octubre 2015}
}

@Misc{Pala10,
	author	=	{Palazzesi, A.},
	title	=	{Historia del GPS: Cómo el mundo dejó de perderse},
	howpublished	=	{\url{http://www.neoteo.com/historia-del-gps-como-el-mundo-dejo-de-perderse/}},
	month	=	{July},
	year	=	{2010},
	note	= 	{Visitado: Octubre 2015}
}